<?xml version="1.0" encoding="UTF-8"?><collection xmlns="http://www.loc.gov/MARC21/slim"><record><leader>00441nam--2200169-u-4500</leader><controlfield tag="001">000051468</controlfield><controlfield tag="002">20161230</controlfield><controlfield tag="005">20170108230124</controlfield><controlfield tag="008">080717s1000------------r-----000-0-eng-d</controlfield><datafield ind1=" " ind2=" " tag="040"><subfield code="a">IFIN-HH</subfield></datafield><datafield ind1=" " ind2=" " tag="080"><subfield code="a">517.2</subfield></datafield><datafield ind1="1" ind2=" " tag="100"><subfield code="a">Massera, Kh</subfield></datafield><datafield ind1="1" ind2="0" tag="245"><subfield code="a">Lineinye Differentsialnye Uravnenya i Funktsionalnye Prostranstva</subfield></datafield><datafield ind1=" " ind2=" " tag="260"><subfield code="a">Moskva</subfield><subfield code="b">Mir</subfield><subfield code="c">1970</subfield></datafield><datafield ind1=" " ind2=" " tag="700"><subfield code="a">Sheffer, Kh. Kh</subfield></datafield><datafield ind1=" " ind2=" " tag="852"><subfield code="a">33545</subfield><subfield code="c">517.2./3</subfield></datafield><datafield ind1=" " ind2=" " tag="CAT"><subfield code="a">SYS</subfield><subfield code="c">20170108</subfield><subfield code="h">230124</subfield></datafield></record></collection>